@article{Yurko2019,
url = {https://doi.org/10.1515/jqas-2018-0010},
title = {nflWAR: a reproducible method for offensive player evaluation in football},
author = {Ronald Yurko and Samuel Ventura and Maksim Horowitz},
pages = {163--183},
volume = {15},
number = {3},
journal = {Journal of Quantitative Analysis in Sports},
doi = {doi:10.1515/jqas-2018-0010},
year = {2019},
lastchecked = {2024-05-10}
},

@article{Yurko2020,
url = {https://doi.org/10.1515/jqas-2019-0056},
title = {Going deep: models for continuous-time within-play valuation of game outcomes in American football with tracking data},
author = {Ronald Yurko and Francesca Matano and Lee F. Richardson and Nicholas Granered and Taylor Pospisil and Konstantinos Pelechrinis and Samuel L. Ventura},
pages = {163--182},
volume = {16},
number = {2},
journal = {Journal of Quantitative Analysis in Sports},
doi = {doi:10.1515/jqas-2019-0056},
year = {2020},
lastchecked = {2024-05-11}
},

@article{STRAIN,
author = {Quang Nguyen, Ronald Yurko and Gregory J. Matthews},
title = {Here Comes the STRAIN: Analyzing Defensive Pass Rush in American Football with Player Tracking Data},
journal = {The American Statistician},
volume = {78},
number = {2},
pages = {199--208},
year = {2024},
publisher = {Taylor \& Francis},
doi = {10.1080/00031305.2023.2242442},
URL = {https://doi.org/10.1080/00031305.2023.2242442}
},

@article{Eager,
url = {https://doi.org/10.1515/jqas-2022-0091},
title = {Investigating trade-offs made by American football linebackers using tracking data},
author = {Eric Eager and Tej Seth},
pages = {171--185},
volume = {19},
number = {3},
journal = {Journal of Quantitative Analysis in Sports},
doi = {doi:10.1515/jqas-2022-0091},
year = {2023},
lastchecked = {2024-05-11}
},

@misc{BDB, 
title = {Big Data Bowl},
url={https://operations.nfl.com/gameday/analytics/big-data-bowl}, 
journal={NFL Football Operations}
},

@misc{Kaggle, 
title = {NFL Big Data Bowl 2024},
url={https://www.kaggle.com/competitions/nfl-big-data-bowl-2024/data}, 
journal={Kaggle}
},

@misc{NextGenStats,
title = {NFL Next Gen Stats}, 
url={https://operations.nfl.com/gameday/technology/nfl-next-gen-stats/}, 
journal={NFL Football Operations}
},

@article{Gudmundsson,
author = {Gudmundsson, Joachim and Horton, Michael},
title = {Spatio-Temporal Analysis of Team Sports},
year = {2017},
issue_date = {March 2018},
publisher = {Association for Computing Machinery},
address = {New York, NY, USA},
volume = {50},
number = {2},
issn = {0360-0300},
url = {https://doi.org/10.1145/3054132},
doi = {10.1145/3054132},
month = {apr},
articleno = {22},
numpages = {34},
keywords = {Trajectory, american football, basketball, data mining, football, handball, hockey, machine learning, network analysis, performance metrics, soccer, spatial subdivision, spatio-temporal data, sports analysis}
},

@inproceedings{wideopenspaces,
  title={Wide Open Spaces: A statistical technique for measuring space creation in professional soccer},
  author={Javier Fern{\'a}ndez and Luke Bornn and Simon Fraser},
  year={2018},
  url={https://api.semanticscholar.org/CorpusID:209898212}
},

@article{covid,
AUTHOR = {Gonçalves, Bruno and Mendes, Romeu and Folgado, Hugo and Figueiredo, Pedro and Travassos, Bruno and Barros, Henrique and Campos-Fernandes, Adalberto and Beckert, Paulo and Brito, João},
booktitle = {},
TITLE = {Can Tracking Data Help in Assessing Interpersonal Contact Exposure in Team Sports during the COVID-19 Pandemic?},
JOURNAL = {Sensors},
VOLUME = {20},
YEAR = {2020},
NUMBER = {21},
ARTICLE-NUMBER = {6163},
URL = {https://www.mdpi.com/1424-8220/20/21/6163},
PubMedID = {33138115},
ISSN = {1424-8220},
DOI = {10.3390/s20216163}
}

